0                 01ANZ       PROCHOICE                 000000PAYMENT     240425                                        
1062-235 10946857 530000126400ALI ELNAJJAR                    PAY FOR 24/04/2025012-272161975343PROCHOICE RIGGIN00000000
1063-097 73721307 530000127050MAIARA NICOLETTI                PAY FOR 24/04/2025012-272161975343PROCHOICE RIGGIN00000000
1062-028 11566409 530000184800MUNKHBAT ALTANGEREL             PAY FOR 24/04/2025012-272161975343PROCHOICE RIGGIN00000000
1062-016 11982542 530000147000NARAN L33                       PAY FOR 24/04/2025012-272161975343PROCHOICE RIGGIN00000000
7999-999            000058525000005852500000000000                        000004                                        
