0                 01ANZ       PROCHOICE                 000000PAYMENT     030525                                        
1732-061   529462 530000084000ANTONIO MASSOUD                 PAY FOR 3/05/2025 012-272161975343PROCHOICE RIGGIN00000000
7999-999            000008400000000840000000000000                        000001                                        
