0                 01ANZ       PROCHOICE                 000000PAYMENT     180425                                        
1112-879443687489 530000048000ANTHONY MANOURAS                PAY FOR 18/04/2025012-272161975343PROCHOICE RIGGIN00000000
1063-097 76965331 530000325500CHRISTIAN CAMILO GOMEZ          PAY FOR 18/04/2025012-272161975343PROCHOICE RIGGIN00000000
1062-133 11624880 530000292250MAMBO                           PAY FOR 18/04/2025012-272161975343PROCHOICE RIGGIN00000000
7999-999            000066575000006657500000000000                        000003                                        
